<?xml version="1.0" encoding="utf-8"?>
<record xmlns="http://www.loc.gov/MARC21/slim" xmlns:xsi="http://www.w3.org/2001/XMLSchema-instance" xsi:schemaLocation="http://www.loc.gov/MARC21/slim http://www.loc.gov/standards/marcxml/schema/MARC21slim.xsd">
	<leader>     nam a22     Mi 4500</leader>
	<controlfield tag="001">2579842</controlfield>
	<controlfield tag="003">NjP</controlfield>
	<controlfield tag="006">m        d        </controlfield>
	<controlfield tag="007">cr cn |||m|||a</controlfield>
	<controlfield tag="008">200430s1891    le c    o     000 0 ara d</controlfield>
	<datafield ind1=" " ind2=" " tag="040">
		<subfield code="a">ZYU</subfield>
		<subfield code="b">ara</subfield>
		<subfield code="e">rda</subfield>
		<subfield code="c">ZYU</subfield>
	</datafield>
	<datafield ind1=" " ind2="4" tag="050">
		<subfield code="a">CT1919.I78</subfield>
		<subfield code="b">D388 1891</subfield>
	</datafield>
	<datafield ind1="1" ind2=" " tag="100">
		<subfield code="6">880-01</subfield>
		<subfield code="a">Tarrāzī, Fīlīb Dī,</subfield>
		<subfield code="d">1865-1956.</subfield>
	</datafield>
	<datafield ind1="1" ind2="3" tag="245">
		<subfield code="6">880-02</subfield>
		<subfield code="a">al-Qilādah al-nafīsah fī faqīd al-ʻilm wa-al-kanīsah :</subfield>
		<subfield code="b">al-muthallath al-raḥmah al-Sayyid Iqlīmīs Yūsuf Dāwud ... wa-huwa majmūʻ mā warada fī taʼbīn al-ḥibr al-mushār ilayhi min afāḍil al-sharq wa-al-gharb fī ʻishrīn lughah. Wa-yataqaddamuhā fadhlakah fī ʻashr fuṣūl taḥtawī ʻalá tarjamat ḥāl al-faqīd wa-jadwal taʼālīfihi /</subfield>
		<subfield code="c">min qalam jāmiʻ al-kitāb Fīlīb Naṣr Allāh Ṭarrāzī.</subfield>
	</datafield>
	<datafield ind1="1" ind2=" " tag="246">
		<subfield code="i">Added title page:</subfield>
		<subfield code="a">Collier précieux, ou biographie de Mgr. Clément Joseph David ...</subfield>
		<subfield code="b">et recueil des élégies composées en son honneur ...</subfield>
	</datafield>
	<datafield ind1=" " ind2=" " tag="260">
		<subfield code="6">880-03</subfield>
		<subfield code="a">Bayrūt :</subfield>
		<subfield code="b">al-Maṭbʻah al-Kāthūlīkīyah,</subfield>
		<subfield code="c">1891.</subfield>
	</datafield>
	<datafield ind1=" " ind2=" " tag="300">
		<subfield code="a">online resource (203 pages) :</subfield>
		<subfield code="b">portrait</subfield>
	</datafield>
	<datafield ind1=" " ind2=" " tag="336">
		<subfield code="a">text</subfield>
		<subfield code="2">rdacontent</subfield>
	</datafield>
	<datafield ind1=" " ind2=" " tag="337">
		<subfield code="a">computer</subfield>
		<subfield code="2">rdamedia</subfield>
	</datafield>
	<datafield ind1=" " ind2=" " tag="338">
		<subfield code="a">online resource</subfield>
		<subfield code="2">rdacarrier</subfield>
	</datafield>
	<datafield ind1=" " ind2=" " tag="500">
		<subfield code="a">Part of the Arabic Collections Online (ACO) project, contributed by Princeton University Libraries.</subfield>
	</datafield>
	<datafield ind1=" " ind2=" " tag="533">
		<subfield code="a">Electronic reproduction.</subfield>
		<subfield code="b">New York, N.Y. :</subfield>
		<subfield code="c">New York University,</subfield>
		<subfield code="d">2020.</subfield>
		<subfield code="5">NNU</subfield>
	</datafield>
	<datafield ind1="1" ind2="0" tag="600">
		<subfield code="6">880-04</subfield>
		<subfield code="a">Dāwūd, Yūsuf,</subfield>
		<subfield code="d">1829-1890</subfield>
	</datafield>
	<datafield ind1="1" ind2="7" tag="600">
		<subfield code="a">Dāwūd, Yūsuf,</subfield>
		<subfield code="d">1829-1890</subfield>
		<subfield code="2">fast</subfield>
		<subfield code="0">(OCoLC)fst00171061</subfield>
	</datafield>
	<datafield ind1="2" ind2=" " tag="710">
		<subfield code="a">Princeton University.</subfield>
		<subfield code="b">Library.</subfield>
	</datafield>
	<datafield ind1="0" ind2=" " tag="730">
		<subfield code="a">Arabic Collections Online.</subfield>
	</datafield>
	<datafield ind1="0" ind2="8" tag="776">
		<subfield code="i">Online version:</subfield>
		<subfield code="a">Tarrāzī, Fīlīb Dī, al-Fīkunt, 1865-1956.</subfield>
		<subfield code="t">Qilādah al-nafīsah fī faqīd al-ʻilm wa-al-kanīsah .</subfield>
		<subfield code="d">Beirut, al-Maṭbʻah al-Kāthūlīkīyah, 1891</subfield>
		<subfield code="w">(OCoLC)656841705</subfield>
	</datafield>
	<datafield ind1="0" ind2="8" tag="776">
		<subfield code="i">Print version:</subfield>
		<subfield code="a">Tarrāzī, Fīlīb Dī, 1865-1956.</subfield>
		<subfield code="t">al-Qilādah al-nafīsah fī faqīd al-ʻilm wa-al-kanīsah</subfield>
		<subfield code="w">(NjP)2579842</subfield>
		<subfield code="w">(OCoLC)41972656</subfield>
	</datafield>
	<datafield ind1="4" ind2="0" tag="856">
		<subfield code="u">http://hdl.handle.net/2333.1/ncjsxwgn</subfield>
	</datafield>
	<datafield ind1="1" ind2=" " tag="880">
		<subfield code="6">100-01</subfield>
		<subfield code="a">طرازي، فيليب دي،</subfield>
		<subfield code="d">1865-1956.</subfield>
	</datafield>
	<datafield ind1="1" ind2="2" tag="880">
		<subfield code="6">245-02</subfield>
		<subfield code="a">القلادة النفيسة في فقيد العلم والكنيسة :</subfield>
		<subfield code="b">المثلث الرحمة السيد اقليميس يوسف داود ... وهو مجموع ما ورد في تأبين الحبر المشار اليه من افاضل الشرق والغرب في عشرين لغة. ويتقدمها فذلكة في عشر فصول تحتوي على ترجمة حال الفقيد وجدول تآليفه /</subfield>
		<subfield code="c">من قلم جامع الكتاب فيليب نصر الله طرازي.</subfield>
	</datafield>
	<datafield ind1=" " ind2=" " tag="880">
		<subfield code="6">260-03</subfield>
		<subfield code="a">بيروت :</subfield>
		<subfield code="b">المطبعة الكاثوليكية،</subfield>
		<subfield code="c">1891.</subfield>
	</datafield>
	<datafield ind1="1" ind2="4" tag="880">
		<subfield code="6">600-04</subfield>
		<subfield code="a">داوود، يوسف،,</subfield>
		<subfield code="d">1829-1890</subfield>
	</datafield>
	<datafield ind1=" " ind2=" " tag="959">
		<subfield code="a">NNU</subfield>
		<subfield code="b">WEB</subfield>
		<subfield code="c">GENI</subfield>
		<subfield code="t">0</subfield>
		<subfield code="m">Electronic access</subfield>
		<subfield code="s">01</subfield>
	</datafield>
	<datafield ind1=" " ind2=" " tag="999">
		<subfield code="i">NjP_2579842</subfield>
		<subfield code="o">(OCoLC)ocm41972656</subfield>
		<subfield code="s">princeton_aco004267:</subfield>
		<subfield code="e">(ERROR-880)</subfield>
		<subfield code="s">princeton_aco004267:</subfield>
	</datafield>
</record>
